@article{baggerly2009deriving,
  title={Deriving chemosensitivity from cell lines: Forensic bioinformatics and reproducible research in high-throughput biology},
  author={Baggerly, Keith A and Coombes, Kevin R},
  journal={The Annals of Applied Statistics},
  pages={1309--1334},
  year={2009},
  publisher={JSTOR},
  doi={10.1214/09-AOAS291}
}

@article{begley2012drug,
  title={Drug development: Raise standards for preclinical cancer research},
  author={Begley, C Glenn and Ellis, Lee M},
  journal={Nature},
  volume={483},
  pages={531},
  year={2012},
  publisher={Nature Publishing Group},
  doi={10.1038/483531a}
}

@inproceedings{academy2015reproducibility,
  title={Reproducibility and reliability of biomedical research: improving research practice},
  author={{Academy of Medical Sciences}},
  booktitle={Symposium report},
  year={2015},
  url={https://acmedsci.ac.uk/viewFile/56314e40aac61.pdf}
}

@article{open2015estimating,
  title={Estimating the reproducibility of psychological science},
  author={{Open Science Collaboration}},
  journal={Science},
  volume={349},
  pages={aac4716},
  year={2015},
  publisher={American Association for the Advancement of Science},
  doi={10.1126/science.aac4716}
}

@article{smaldino2016natural,
  title={The natural selection of bad science},
  author={Smaldino, Paul E and McElreath, Richard},
  journal={Royal Society Open Science},
  volume={3},
  pages={160384},
  year={2016},
  publisher={The Royal Society},
  doi={10.1098/rsos.160384}
}

@article{allison2016reproducibility,
  title={Reproducibility: A tragedy of errors},
  author={Allison, David B and Brown, Andrew W and George, Brandon J and Kaiser, Kathryn A},
  journal={Nature News},
  volume={530},
  pages={27},
  year={2016},
  doi={10.1038/530027a}
}

@article{wilkinson2016fair,
  title={The FAIR Guiding Principles for scientific data management and stewardship},
  author={Wilkinson, Mark D and Dumontier, Michel and Aalbersberg, IJsbrand Jan and Appleton, Gabrielle and Axton, Myles and Baak, Arie and Blomberg, Niklas and Boiten, Jan-Willem and da Silva Santos, Luiz Bonino and Bourne, Philip E and others},
  journal={Scientific data},
  volume={3},
  year={2016},
  publisher={Nature Publishing Group},
  doi={10.1038/sdata.2016.18},
}

@article{bosman2017scholarly,
  title={The Scholarly Commons-principles and practices to guide research communication},
  author={Bosman, Jeroen and Bruno, Ian and Chapman, Chris and Tzovaras, Bastian Greshake and Jacobs, Nate and Kramer, Bianca and Martone, Maryann and Murphy, Fiona and O'Donnell, Daniel Paul and Bar-Sinai, Michael and others},
  year={2017},
  publisher={Open Science Framework},
  url={https://osf.io/kbuq6/}
}

@article{ioannidis2005most,
  title={Why most published research findings are false},
  author={Ioannidis, John PA},
  journal={PLoS medicine},
  volume={2},
  pages={e124},
  year={2005},
  publisher={Public Library of Science},
  doi={10.1371/journal.pmed.0020124}
}

@article{button2013power,
  title={Power failure: why small sample size undermines the reliability of neuroscience},
  author={Button, Katherine S and Ioannidis, John PA and Mokrysz, Claire and Nosek, Brian A and Flint, Jonathan and Robinson, Emma SJ and Munaf{\`o}, Marcus R},
  journal={Nature Reviews Neuroscience},
  volume={14},
  pages={365},
  year={2013},
  publisher={Nature Publishing Group},
  doi={10.1038/nrn3475}
}

@article{poldrack2017scanning,
  title={Scanning the horizon: towards transparent and reproducible neuroimaging research},
  author={Poldrack, Russell A and Baker, Chris I and Durnez, Joke and Gorgolewski, Krzysztof J and Matthews, Paul M and Munaf{\`o}, Marcus R and Nichols, Thomas E and Poline, Jean-Baptiste and Vul, Edward and Yarkoni, Tal},
  journal={Nature Reviews Neuroscience},
  volume={18},
  pages={115},
  year={2017},
  publisher={Nature Publishing Group},
  doi={10.1038/nrn.2016.167}
}

@article{dumas2017low,
  title={Low statistical power in biomedical science: a review of three human research domains},
  author={Dumas-Mallet, Estelle and Button, Katherine S and Boraud, Thomas and Gonon, Francois and Munaf{\`o}, Marcus R},
  journal={Royal Society open science},
  volume={4},
  pages={160254},
  year={2017},
  publisher={The Royal Society},
  doi={10.1098/rsos.160254}
}

@article{rosenthal1979file,
  title={The file drawer problem and tolerance for null results.},
  author={Rosenthal, Robert},
  journal={Psychological bulletin},
  volume={86},
  pages={638},
  year={1979},
  publisher={American Psychological Association},
  doi={10.1037/0033-2909.86.3.638}
}

@article{simmons2011false,
  title={False-positive psychology: Undisclosed flexibility in data collection and analysis allows presenting anything as significant},
  author={Simmons, Joseph P and Nelson, Leif D and Simonsohn, Uri},
  journal={Psychological science},
  volume={22},
  pages={1359--1366},
  year={2011},
  publisher={Sage Publications Sage CA: Los Angeles, CA},
  doi={10.1177/0956797611417632}
}

@article{simonsohn2014p,
  title={P-curve: a key to the file-drawer.},
  author={Simonsohn, Uri and Nelson, Leif D and Simmons, Joseph P},
  journal={Journal of Experimental Psychology: General},
  volume={143},
  pages={534},
  year={2014},
  publisher={American Psychological Association},
  doi={10.1037/a0033242}
}

@article{benjamin2018redefine,
  title={Redefine statistical significance},
  author={Benjamin, Daniel J and Berger, James O and Johannesson, Magnus and Nosek, Brian A and Wagenmakers, E-J and Berk, Richard and Bollen, Kenneth A and Brembs, Bj{\"o}rn and Brown, Lawrence and Camerer, Colin and others},
  journal={Nature Human Behaviour},
  volume={2},
  pages={6},
  year={2018},
  publisher={Nature Publishing Group},
  doi={10.1038/s41562-017-0189-z}
}

@article{lakens2018justify,
  title={Justify your alpha},
  author={Lakens, Daniel and Adolfi, Federico G and Albers, Casper J and Anvari, Farid and Apps, Matthew AJ and Argamon, Shlomo E and Baguley, Thom and Becker, Raymond B and Benning, Stephen D and Bradford, Daniel E and others},
  journal={Nature Human Behaviour},
  volume={2},
  pages={168},
  year={2018},
  publisher={Nature Publishing Group},
  doi={10.17605/OSF.IO/9S3Y6}
}

@article{eklund2016cluster,
  title={Cluster failure: why fMRI inferences for spatial extent have inflated false-positive rates},
  author={Eklund, Anders and Nichols, Thomas E and Knutsson, Hans},
  journal={Proceedings of the National Academy of Sciences},
  pages={201602413},
  year={2016},
  publisher={National Acad Sciences},
  doi={10.1073/pnas.1602413113}
}

@article{varoquaux2017cross,
  title={Cross-validation failure: small sample sizes lead to large error bars},
  author={Varoquaux, Ga{\"e}l},
  journal={Neuroimage},
  year={2017},
  publisher={Elsevier},
  doi={10.1016/j.neuroimage.2017.06.061}
}

@article{glatard2015reproducibility,
  title={Reproducibility of neuroimaging analyses across operating systems},
  author={Glatard, Tristan and Lewis, Lindsay B and Ferreira da Silva, Rafael and Adalat, Reza and Beck, Natacha and Lepage, Claude and Rioux, Pierre and Rousseau, Marc-Etienne and Sherif, Tarek and Deelman, Ewa and others},
  journal={Frontiers in neuroinformatics},
  volume={9},
  pages={12},
  year={2015},
  publisher={Frontiers},
  doi={10.3389/fninf.2015.00012}
}

@article{bowring2018exploring,
  title={Exploring the Impact of Analysis Software on Task fMRI Results},
  author={Bowring, Alexander and Maumet, Camille and Nichols, Thomas E},
  year={2018},
  journal={BioRxiv},
  doi={10.1101/285585}
}

@article{carp2012plurality,
  title={On the plurality of (methodological) worlds: estimating the analytic flexibility of fMRI experiments},
  author={Carp, Joshua},
  journal={Frontiers in neuroscience},
  volume={6},
  pages={149},
  year={2012},
  publisher={Frontiers},
  doi={10.3389/fnins.2012.00149}
}

@article{boekel2015purely,
  title={A purely confirmatory replication study of structural brain-behavior correlations},
  author={Boekel, Wouter and Wagenmakers, Eric-Jan and Belay, Luam and Verhagen, Josine and Brown, Scott and Forstmann, Birte U},
  journal={Cortex},
  volume={66},
  pages={115--133},
  year={2015},
  publisher={Elsevier},
  doi={10.1016/j.cortex.2014.11.019}
}

@article{waskom2014frontoparietal,
  title={Frontoparietal representations of task context support the flexible control of goal-directed cognition},
  author={Waskom, Michael L and Kumaran, Dharshan and Gordon, Alan M and Rissman, Jesse and Wagner, Anthony D},
  journal={Journal of Neuroscience},
  volume={34},
  pages={10743--10755},
  year={2014},
  publisher={Soc Neuroscience},
  doi={10.1523/JNEUROSCI.5282-13.2014}
}

@article{nichols2017best,
  title={Best practices in data analysis and sharing in neuroimaging using MRI},
  author={Nichols, Thomas E and Das, Samir and Eickhoff, Simon B and Evans, Alan C and Glatard, Tristan and Hanke, Michael and Kriegeskorte, Nikolaus and Milham, Michael P and Poldrack, Russell A and Poline, Jean-Baptiste and others},
  journal={Nature Neuroscience},
  volume={20},
  pages={299},
  year={2017},
  publisher={Nature Publishing Group},
  doi={10.1038/nn.4500}
}

@article{gorgolewski2016brain,
  title={The brain imaging data structure, a format for organizing and describing outputs of neuroimaging experiments},
  author={Gorgolewski, Krzysztof J and Auer, Tibor and Calhoun, Vince D and Craddock, R Cameron and Das, Samir and Duff, Eugene P and Flandin, Guillaume and Ghosh, Satrajit S and Glatard, Tristan and Halchenko, Yaroslav O and others},
  journal={Scientific Data},
  volume={3},
  pages={160044},
  year={2016},
  publisher={Nature Publishing Group},
  doi={10.1038/sdata.2016.44}
}
